@Manual{ matlab:ode,
  publisher       = {Mathworks},
  year            = {2008},
  title           = {MATLAB manual},
  subtitle        = {Ordinary Differential Equations},
  version         = {7.8},
  url             = {http://www.mathworks.com/access/helpdesk/help/techdoc/ref/ode45.html},
}

@Manual{ virtualbox:vdidetails,
  publisher       = {Mathworks},
  year            = {2004 -- 2015},
  title           = {Oracle VM VirtualBox},
  subtitle        = {User Manual},
  pages           = {86},
  version         = {5.0.10_Ubuntu},
  url             = {http://www.virtualbox.org},
}


@Book{ numerical_analysis_of_de_aiserles,
  author          = {Arieh Iserles},
  title           = {A First Course in the Numerical Analysis of Differential Equations},
  publisher       = {Cambridge University Press},
  year            = {2004},
  isbn            = {0-521-55655-4},
}
