@Manual{ virtualbox:vdidetails,
  publisher       = {Mathworks},
  year            = {2004 -- 2015},
  title           = {Oracle VM VirtualBox},
  subtitle        = {User Manual},
  pages           = {86},
  version         = {5.0.10_Ubuntu},
  url             = {http://www.virtualbox.org},
}
