@Manual{virtualbox:vdidetails,
  publisher       = {Mathworks},
  year            = {2004 -- 2015},
  title           = {Oracle VM VirtualBox},
  subtitle        = {User Manual},
  pages           = {86},
  version         = {5.0.10_Ubuntu},
  url             = {http://www.virtualbox.org},
}

@misc{forelasning03,
author = {Peter Jackson},
title = {\textsc{DVG001} --- Introduktion till Linux och små nätverk, Föreläsning 3: Om användare, grupper och säkerhet},
year = {2015},
howpublished = {Lecture slides},
publisher = {Högskolan i Gävle},
url = {www.TODO-fix-URL.hig.se},
}

